%%%%%%%%%%%%%%%%%%%%%%%%%%%%%%%%%%%%%%%%%%%%%
% Bibliography
%%%%%%%%%%%%%%%%%%%%%%%%%%%%%%%%%%%%%%%%%%%%%

@phdthesis{Faust2020,
  title={Using Google s Flutter Framework for the Development of a Large-Scale Reference Application},
  author={Faust, Sebastian},
  year={2020},
  school={Hochschulbibliothek der Technischen Hochschule K{\"o}ln}
}

@book{podila18mobx,
  title={MobX Quick Start Guide: Supercharge the client state in your React apps with MobX},
  author={Podila, Pavan and Weststrate, Michel},
  year={2018},
  publisher={Packt Publishing Ltd}
}

@book{heuser09banco,
  title={Projeto de banco de dados: Volume 4 da S{\'e}rie Livros did{\'a}ticos inform{\'a}tica UFRGS},
  author={Heuser, Carlos Alberto},
  year={2009},
  publisher={Bookman Editora}
}

@misc{dart-platforms,
  author       = {{Time Dart}},
  howpublished = {Disponível em: \url{https://dart.dev/overview}. Acesso em: 04 de Novembro de 2022},
  title        = {Dart overview},
  year         = {2022}
}

@misc{boelens2018,
  author       = {{Didier Boelens}},
  howpublished = {Disponível em: \url{https://www.didierboelens.com/2018/06/widget-state-context-inheritedwidget/}. Acesso em: 09 de Novembro de 2022},
  title        = {Widget - State - Context - Inheritedwidget},
  year         = {2018}
}

@misc{persistence,
  author       = {{Time Flutter}},
  howpublished = {Disponível em: \url{https://docs.flutter.dev/cookbook/persistence}. Acesso em: 12 de Novembro de 2022},
  title        = {Persistence},
  year         = {2019}
}

@misc{shared_preferences,
  author       = {{Time Flutter}},
  howpublished = {Disponível em: \url{https://docs.flutter.dev/cookbook/persistence/key-value}. Acesso em: 12 de Novembro de 2022},
  title        = {Store key-value data on disk},
  year         = {2018}
}

@misc{reading_writing_files,
  author       = {{Time Flutter}},
  howpublished = {Disponível em: \url{https://docs.flutter.dev/cookbook/persistence/reading-writing-files}. Acesso em: 12 de Novembro de 2022},
  title        = {Read and write files},
  year         = {2018}
}

@misc{sqlite-flutter,
  author       = {{Time Flutter}},
  howpublished = {Disponível em: \url{https://docs.flutter.dev/cookbook/persistence/sqlite}. Acesso em: 12 de Novembro de 2022},
  title        = {Persist data with SQLite},
  year         = {2018}
}

@misc{sqlite-org,
  author       = {{SQLite Organization}},
  howpublished = {Disponível em: \url{https://www.sqlite.org/index.html}. Acesso em: 13 de Novembro de 2022},
  title        = {SQLite | Home},
  year         = {}
}

% [A revisar] Autor do sqlite_features
@misc{sqlite_features,
  author       = {{SQLite Organization}},
  howpublished = {Disponível em: \url{https://www.sqlite.org/features.html}. Acesso em: 12 de Novembro de 2022},
  title        = {Features Of SQLite},
  year         = {2007} 
}
% sqlite_features year ref: https://sqlite.org/docsrc/finfo/pages/features.in?m=4569e5ca2737be66a


@misc{sqlite_use,
  author       = {{SQLite Organization}},
  howpublished = {Disponível em: \url{https://www.sqlite.org/whentouse.html}. Acesso em: 12 de Novembro de 2022},
  title        = {Appropriate Uses For SQLite},
  year         = {2007},
}

@misc{oracle,
  author       = {{Oracle Organization}},
  howpublished = {Disponível em: \url{https://www.oracle.com/br/database/what-is-database/}. Acesso em: 12 de Novembro de 2022},
  title        = {O que é um Banco de Dados?},
}

@misc{sqlitetutorial_net,
  author       = {{Time SQLiteTutorial}},
  howpublished = {Disponível em: \url{https://www.sqlitetutorial.net/what-is-sqlite/}. Acesso em: 12 de Novembro de 2022},
  title        = {What Is SQLite},
}

%%%%%%%%%%%%%%%%%%%%%%%%
PACOTES DART NO PUB.DEV
%%%%%%%%%%%%%%%%%%%%%%%%
@misc{provider-package,
  author       = {{R. Rousselet e Time Flutter}},
  howpublished = {Disponível em: \url{https://pub.dev/packages/provider}. Acesso em: 11 de Novembro de 2022},
  title        = {provider | pacote Dart},
  year         = {2019}
}

% [A revisar] Autor do pacote MobX
@misc{mobx-package,
  author       = {{P. Podila}},
  howpublished = {Disponível em: \url{https://pub.dev/packages/mobx}. Acesso em: 11 de Novembro de 2022},
  title        = {mobx | pacote Dart},
  year         = {2018}
}

% [A revisar] Autor do pacote Flutter MobX
@misc{flutter-mobx-package,
  author       = {{P. Podila}},
  howpublished = {Disponível em: \url{https://pub.dev/packages/flutter_mobx}. Acesso em: 11 de Novembro de 2022},
  title        = {flutter\_mobx | pacote Dart},
  year         = {2019}
}

@misc{sqflite-package,
  author       = {{Alexandre Roux}},
  howpublished = {Disponível em: \url{https://pub.dev/packages/sqflite}. Acesso em: 14 de Novembro de 2022},
  title        = {sqflite | pacote Dart},
  year         = {2017}
}

@misc{sqlcipher-package,
  author       = {{David Martos}},
  howpublished = {Disponível em: \url{https://pub.dev/packages/sqflite_sqlcipher}. Acesso em: 14 de Novembro de 2022},
  title        = {sqflite\_sqlcipher | pacote Dart},
  year         = {2020}
}

@misc{cupertino-package,
  author       = {{Time Flutter}},
  howpublished = {Disponível em: \url{https://pub.dev/packages/cupertino_icons}. Acesso em: 15 de Novembro de 2022},
  title        = {cupertino\_icons | Dart package},
  year         = {2020}
}

@misc{path-package,
  author       = {{Time Dart}},
  howpublished = {Disponível em: \url{https://pub.dev/packages/path}. Acesso em: 15 de Novembro de 2022},
  title        = {path | Dart package},
  year         = {2013}
}

@misc{flutter_archive-package,
  author       = {{Time Kineapps}},
  howpublished = {Disponível em: \url{https://pub.dev/packages/flutter_archive}. Acesso em: 15 de Novembro de 2022},
  title        = {flutter\_archive | Dart package},
  year         = {2020}
}

@misc{flutter_dotenv-package,
  author       = {{James Collins}},
  howpublished = {Disponível em: \url{https://pub.dev/packages/flutter_dotenv}. Acesso em: 15 de Novembro de 2022},
  title        = {flutter\_dotenv | Dart package},
  year         = {2018}
}

@misc{syncfusion_flutter_xlsio-package,
  author       = {{Time Syncfusion}},
  howpublished = {Disponível em: \url{https://pub.dev/packages/syncfusion_flutter_xlsio}. Acesso em: 15 de Novembro de 2022},
  title        = {syncfusion\_flutter\_xlsio | Dart package},
  year         = {2020}
}

@misc{path_provider-package,
  author       = {{Time Flutter}},
  howpublished = {Disponível em: \url{https://pub.dev/packages/path_provider}. Acesso em: 15 de Novembro de 2022},
  title        = {path\_provider | Dart package},
  year         = {2017}
}

@misc{open_file-package,
  author       = {{crazecoder}},
  howpublished = {Disponível em: \url{https://pub.dev/packages/open_file}. Acesso em: 15 de Novembro de 2022},
  title        = {open\_file | Dart package},
  year         = {2018}
}

@misc{share_plus-package,
  author       = {{Flutter Community}},
  howpublished = {Disponível em: \url{https://pub.dev/packages/share_plus}. Acesso em: 15 de Novembro de 2022},
  title        = {share\_plus | Dart package},
  year         = {2020}
}

